@online{faludiHowIoTDevices,
  title = {How {{Do IoT Devices Communicate}}?},
  author = {Faludi, Rob},
  url = {https://www.digi.com/blog/post/how-do-iot-devices-communicate},
  urldate = {2025-06-12},
  abstract = {Internet of Things (IoT) devices communicate is dozens of different ways, using hundreds of different protocols. In this article we cover the common elements in an IoT device network and provide examples of how devices send and receive data.},
  langid = {american},
  file = {C:\Users\alexb\Zotero\storage\S7W2LHH4\how-do-iot-devices-communicate.html}
}

@online{ibmWhatInternet,
  title = {What Is the {{Internet}} of {{Things}} ({{IoT}})?},
  shorttitle = {What Is the {{Internet}} of {{Things}} ({{IoT}})?},
  author = {{IBM}},
  url = {https://www.ibm.com/think/topics/internet-of-things},
  urldate = {2025-06-13},
  abstract = {IoT refers to a network of devices, vehicles, appliances and other physical objects that are embedded with sensors, software and network connectivity.},
  langid = {english},
  file = {C:\Users\alexb\Zotero\storage\DB3LJU2Z\internet-of-things.html}
}

@inproceedings{porkodiInternetThings14,
  title = {The {{Internet}} of {{Things}} ({{IoT}}) {{Applications}} and {{Communication Enabling Technology Standards}}: {{An Overview}}},
  shorttitle = {The {{Internet}} of {{Things}} ({{IoT}}) {{Applications}} and {{Communication Enabling Technology Standards}}},
  booktitle = {2014 {{International Conference}} on {{Intelligent Computing Applications}}},
  author = {Porkodi, R. and Bhuvaneswari, V.},
  date = {2014},
  pages = {324--329},
  publisher = {IEEE},
  location = {Coimbatore, India},
  doi = {10.1109/ICICA.2014.73},
  eventtitle = {2014 {{International Conference}} on {{Intelligent Computing Applications}} ({{ICICA}})},
  isbn = {978-1-4799-3966-4}
}

@online{thethingsboardauthorsWhatThingsBoard,
  title = {What Is {{ThingsBoard}}?},
  author = {{The ThingsBoard Authors}},
  url = {https://thingsboard.io/docs/getting-started-guides/what-is-thingsboard/},
  urldate = {2025-06-12},
  abstract = {ThingsBoard key features and advantages for the rapid development of IoT projects and applications.},
  file = {C:\Users\alexb\Zotero\storage\ISWIPFQH\what-is-thingsboard.html}
}
